<?xml version="1.0" encoding="UTF-8"?><collection xmlns="http://www.loc.gov/MARC21/slim"><record><leader>00311nam--2200109-i-4500</leader><controlfield tag="001">000038539</controlfield><controlfield tag="002">20161230</controlfield><controlfield tag="005">20161230201041</controlfield><controlfield tag="008">060222s1000------------r-----000-0-eng-d</controlfield><datafield ind1=" " ind2=" " tag="245"><subfield code="a">Repertoire des scientifiques francais: t.4: chimie</subfield></datafield><datafield ind1=" " ind2=" " tag="260"><subfield code="a">Paris, La Documentation Francaise, 1965, 1966, Ix + 338p</subfield></datafield><datafield ind1=" " ind2=" " tag="852"><subfield code="a">26903</subfield></datafield></record></collection>